02RETORNO01COBRANCA       00000000000001111111T3E TECNOLOGIA E SERVICOS LTDA237BRADESCO       2810150160000000219                                                                                                                                                                                                                                                                          271015         000001
102106875660001970000006010100002020P                         000000000000020151120000000000000000000000000606271015          00000000000002015112000000000000000300023700265  000000000000000000000000000000000000000000000000000000000000000000000000000000000000000300000000000000000000000000000   271015             00000000000000                                                                  000002
9201237          000000010000000000300000000219          00000000000000000000000001000000010000000010000000000000000000000000000000000000000000000000000000000000000000000000000000000000000                                                                                                                                                                              00000000000000000000000         000003
