10400000         2036168270001120000000000000000000000534743554900000000SERVICO SOCIAL DO COMERCIO    C ECON FEDERAL                          21003201501251100004604000000                    RETORNO-PRODUCAO                  000            
10400011T0100030 20036168270001120000000000000000000000534743554900000000SERVICO SOCIAL DO COMERCIO                                                                                    00000046100320150000000000                          00   
1040001300001T 060000004355490000000   240000000201498174100000000000000024032015000000000002000001042660000000000000000          090000000000000000                                                  000000000000295040101                     
1040001300002U 06000000000000000000000000000000000000000000000000000000000000000000000002000000000000002000000000000000000000000000000000100320151103201500001103201500000000000000000000000000000000000000000000000000000000000000000000       
1040001300003T 280000004355490000000                     0               00000000000000000000000000000000                         000000000000000000                                                  0000000000001000000000000                 
1040001300004U 280000000000000000000000000000000000000000000000000000000000000000000000000000000000000000000000000000000000000000000000001003201500000000000010032015000000000000000                              000                           
10400015         00000600000000000000000000000000000000000000000000000000000000000000000000000000000000000000000000                                                                                                                             
10499999         000001000008                                                                                                                                                                                                                   
